

@book{convexhullsimplepolygon,
author = {Ronald L. Graham and Frances Yao}, 
title  = {\href{https://mathweb.ucsd.edu/~ronspubs/83_09_convex_hull.pdf}{Finding the Convex Hull of a Simple Polygon}},
year   = {1981}
}

@book{online,
author = {Avraham A. Melkman},
title  = {\href{https://www.ime.usp.br/~walterfm/cursos/mac0331/2006/melkman.pdf}{On-line Construction of the Convex Hull of a Simple Polyline}},
year   = {1985}
}

@book{cartography,
author = {Jacqueleen Jourban and Yair Gabay},
title  = {\href{https://www.isprs.org/proceedings/xxxiii/congress/part4/417_XXXIII-part4.pdf}{A Method for Construction of 2D Hull For Generalized Cartographic Representation}},
year   = {2000}
}

@book{gpu,
author = {Min Tang and Jie-yi Zhao and Ruo-feng Tong and Dinesh Manocha},
title  = {\href{https://www.sciencedirect.com/science/article/pii/S0097849312000544}{PU accelerated convex hull computation}},
year   = {2012}
}

@book{detection,
author = {Navjot Singh and Rinki Arya and R.K. Agrawal},
title  = {\href{https://www.sciencedirect.com/science/article/pii/S1051200416300318}{ A convex hull approach in conjunction with Gaussian mixture model for salient object detection}},
year   = {2016}
}

@book{dynamic,
author = {Fan Cheng and Qiangqiang Zhang and Ye Tian and Xingyi Zhang},
title  = {\href{https://www.sciencedirect.com/science/article/pii/S1568494619306775}{Maximizing receiver operating characteristics convex hull via dynamic reference point-based multi-objective evolutionary algorithm}},
year   = {2019}
}

@book{LAURINI2017139,
title  = {\href{https://www.sciencedirect.com/science/article/abs/pii/B9781785482434500074}{Geographic Knowledge Infrastructure}},
pages  = {139-156},
year   = {2017},
author = {Robert Laurini}
}

@book{heckbert1994graphics,
title ={\href{https://books.google.pl/books?id=CCqzMm\_-WucC}{Graphics Gems IV}},
author={Heckbert, P.S.},
series={Graphics gems series},
year  ={1994},
pages ={30},
}


@misc{datahubCountryPolygons,
	author = {Datopian},
	title = {\href{https://datahub.io/core/geo-countries\#resource-countries}{Country Polygons as GeoJSON --- datahub.io}},
	howpublished = {\url{https://datahub.io/core/geo-countries\#resource-countries}},
	note = {[Data dostÄ™pu: 13:34 20.08.2023]}
}
